<collection xmlns="http://www.loc.gov/MARC21/slim"><record><leader>00726nam  2200217   450</leader><controlfield tag="001">933</controlfield><controlfield tag="003">http://montalegre.opacnet.com/OPAC/default.aspx?ContentAreaControl=ShowRegHoldings.ascx&amp;RegNo=16662</controlfield><datafield tag="095" ind1=" " ind2=" "><subfield code="a">PTBN00008777</subfield></datafield><datafield tag="100" ind1=" " ind2=" "><subfield code="a">19861001d1986    m  y0pora010305  ba</subfield></datafield><datafield tag="101" ind1="0" ind2=" "><subfield code="a">por</subfield></datafield><datafield tag="102" ind1=" " ind2=" "><subfield code="a">PT</subfield></datafield><datafield tag="200" ind1="1" ind2=" "><subfield code="a">Ali-Babá e os quarenta ladrões</subfield><subfield code="f">versão port. António José Massano</subfield><subfield code="g">il. Roger Blachon</subfield></datafield><datafield tag="210" ind1=" " ind2=" "><subfield code="a">Lisboa</subfield><subfield code="c">Teorema</subfield><subfield code="d">[D.L. 1986]</subfield></datafield><datafield tag="215" ind1=" " ind2=" "><subfield code="a">85 p.</subfield><subfield code="c">il.</subfield><subfield code="d">19 cm</subfield></datafield><datafield tag="225" ind1="2" ind2=" "><subfield code="a">Sésamo</subfield><subfield code="v">1</subfield></datafield><datafield tag="675" ind1=" " ind2=" "><subfield code="a">087.5</subfield><subfield code="v">bn</subfield><subfield code="z">por</subfield></datafield><datafield tag="700" ind1=" " ind2="1"><subfield code="a">Massano</subfield><subfield code="b">António José</subfield></datafield><datafield tag="702" ind1=" " ind2="1"><subfield code="a">Blachon</subfield><subfield code="b">Roger</subfield><subfield code="4">440</subfield></datafield><datafield tag="801" ind1=" " ind2="0"><subfield code="a">PT</subfield><subfield code="b">Biblioteca Municipal de Montalegre</subfield><subfield code="g">RPC</subfield></datafield><datafield tag="856" ind1=" " ind2=" "><subfield code="u">locateMedia.asp?cod=20060630113204&amp;ext=jpg</subfield><subfield code="z">CAPA</subfield></datafield><datafield tag="909" ind1="&#9;" ind2=" "><subfield code="a">2</subfield></datafield><datafield tag="966" ind1=" " ind2=" "><subfield code="a">0001845</subfield><subfield code="l">BMM</subfield><subfield code="s">SJ 087.5 MAS ali 1</subfield></datafield><datafield tag="966" ind1=" " ind2=" "><subfield code="a">0001846</subfield><subfield code="l">BMM</subfield><subfield code="s">SJ 087.5 MAS ali 1</subfield></datafield></record></collection>